<?xml version="1.0" encoding="UTF-8"?><collection><record><leader>05084ntm a2200553 a 4500</leader><controlfield tag="001">005236768</controlfield><controlfield tag="003">MiAaHDL</controlfield><controlfield tag="005">20190719000000.0</controlfield><controlfield tag="006">m        d        </controlfield><controlfield tag="007">cr bn ---auaua</controlfield><controlfield tag="008">060621s16uu    |||           000 0 ara  </controlfield><datafield tag="035" ind1=" " ind2=" "><subfield code="a">(MiU)005236768</subfield></datafield><datafield tag="035" ind1=" " ind2=" "><subfield code="a">sdr-miu005236768</subfield></datafield><datafield tag="035" ind1=" " ind2=" "><subfield code="a">(OCoLC)81282223</subfield></datafield><datafield tag="035" ind1=" " ind2=" "><subfield code="a">(RLIN)MIUG06-B2687</subfield></datafield><datafield tag="040" ind1=" " ind2=" "><subfield code="a">MiU</subfield><subfield code="c">MiU</subfield></datafield><datafield tag="100" ind1="1" ind2=" "><subfield code="6">880-01</subfield><subfield code="a">Ibn ʻAẓẓūm, ʻAbd al-Jalīl ibn Muḥammad,</subfield><subfield code="d">-1552 or 1553.</subfield></datafield><datafield tag="240" ind1="1" ind2="0"><subfield code="6">880-02</subfield><subfield code="a">Tanbīh al-anām fī bayān ʻulūw maqām nabīyinā ʻalayhi al-salām.</subfield><subfield code="k">Abridgement</subfield></datafield><datafield tag="245" ind1="1" ind2="0"><subfield code="6">880-03</subfield><subfield code="a">Qāmūs al-ṣalāh,</subfield><subfield code="f">[17th century?].</subfield></datafield><datafield tag="246" ind1="3" ind2=" "><subfield code="i">Edge title:</subfield><subfield code="a">تنبيه الانام</subfield></datafield><datafield tag="246" ind1="3" ind2=" "><subfield code="i">Title from inscription at opening (p.5):</subfield><subfield code="a">قاموس الصلوة</subfield></datafield><datafield tag="246" ind1="3" ind2=" "><subfield code="6">880-04</subfield><subfield code="a">Shifāʼ al-asqām wa-maḥw al-āthām fī al-ṣalāh ʻalá khayr al-anām</subfield></datafield><datafield tag="260" ind1=" " ind2=" "><subfield code="c">[16--?].</subfield></datafield><datafield tag="300" ind1=" " ind2=" "><subfield code="a">117 leaves :</subfield><subfield code="b">paper ;</subfield><subfield code="c">212 x 161 mm.</subfield></datafield><datafield tag="500" ind1=" " ind2=" "><subfield code="a">Origin: Lacks dated colophon ; paper suggests 17th century ; note on final leaf dated 1078 (1667 or 1668).</subfield></datafield><datafield tag="500" ind1=" " ind2=" "><subfield code="a">Former shelfmark: British Museum, London "No. 65. Kamus al-salawat." ; "٢٨٧" on tail of textblock.</subfield></datafield><datafield tag="500" ind1=" " ind2=" "><subfield code="a">Binding: Pasteboards covered in marbled paper (salmon, yellow, blue, green, etc.) with dark red leather over spine, foreedge flap, and edges/turn-ins ; Type II binding (with flap) ; pastedowns and flyleaves in European laid paper ; sewn in light pink thread, two stations ; worked chevron endbands in cream, only headband intact ; overall in fair condition with some staining, abrasion, lifting and losses of leather of foreedge flap, etc.</subfield></datafield><datafield tag="500" ind1=" " ind2=" "><subfield code="a">Support: European laid paper mainly with 10 laid lines per cm. (vertical), chain lines spaced 28 mm. apart (horizontal), and three hats watermark ; well-burnished.</subfield></datafield><datafield tag="500" ind1=" " ind2=" "><subfield code="a">Decoration: Some section headings and keywords rubricated (and others in blue-green ink, see pp.87-104) ; occasional textual dividers in the form of red discs.</subfield></datafield><datafield tag="500" ind1=" " ind2=" "><subfield code="a">Script: Naskh-nastaʻlīq (talik) ; virtually serifless ; effect of tilt to the right ; occasional slight effect of words descending to baseline ; elongation of horizontal strokes.</subfield></datafield><datafield tag="500" ind1=" " ind2=" "><subfield code="a">Layout: Written mainly in 27 lines per page ; opening and closing matter in single column, otherwise in two irregular columns.</subfield></datafield><datafield tag="500" ind1=" " ind2=" "><subfield code="a">Collation: i, 2 VI(24), 4 V(64), XII (88), X (108), V-1 (117) ; final leaf of final quire pastedown (text carried onto pastedowns) ; catchwords present ; pagination in pencil, Western numerals (includes pastedowns and front flyleaf).</subfield></datafield><datafield tag="500" ind1=" " ind2=" "><subfield code="a">Incipit: "اختصر هذا في كتاب تنبيه الانام في بيان علو مقام نبينا محمد عليه افضل الصلاة وازكى السلام تأليف العبد الفقير الى الله ... عبد الجليل بن محمد بن احمد بن عظوم المرادي القيرواني غفر الله له ولوالديه آمين الحمد لله الذي زين سماء الاذكار بالصلاة على النبي المختار ... وبعد فانه لما كانت الصلوة على النبي الاكرم والرسول المعظم صلى الله عليه وسلم</subfield></datafield><datafield tag="500" ind1=" " ind2=" "><subfield code="a">Title from inscription on opening leaf (p.2).</subfield></datafield><datafield tag="500" ind1=" " ind2=" "><subfield code="a">Ms. codex.</subfield></datafield><datafield tag="510" ind1="4" ind2=" "><subfield code="a">Brockelmann, C. GAL,</subfield><subfield code="c">S II, 691</subfield></datafield><datafield tag="520" ind1="8" ind2=" "><subfield code="a">Clear copy of selections from a collection of prayers categorized by type by ʻAbd al-Jalīl ibn Muḥammad ibn Aḥmad ibn ʻAẓẓūm al-Murādī al-Qayrawānī (d.1553?).</subfield></datafield><datafield tag="538" ind1=" " ind2=" "><subfield code="a">Mode of access: Internet.</subfield></datafield><datafield tag="541" ind1=" " ind2=" "><subfield code="c">Purchase ;</subfield><subfield code="a">Acquired by purchase along with Abdul Hamid Collection (funds donated by Horace Rackham).</subfield><subfield code="d">1924.</subfield></datafield><datafield tag="546" ind1=" " ind2=" "><subfield code="a">Arabic and Persian.</subfield></datafield><datafield tag="561" ind1=" " ind2=" "><subfield code="a">Bookplate of British Museum, London on upper cover, "British Museum, London. No. 65. Kamus al-salawat." ; circular waqf-seal impression in black ink appears on opening leaf (p.2) and several places throughout, reads: "هذا وقف الراجي فيض الصمدي الشيخ احمد ضيا الدين ابن مصطفى الخالدي فمن بدله بعد ما سمعه فانما اثمه على الذين يبدلونه" in name of Aḥmad Ḍiyāʼ al-Dīn ibn Muṣṭafá al-Khālidī (i.e. Ahmed Ziyâüddîn Gümüşhanevî, d. 1893 or 4) ; invocation on interior of upper cover "حافظ" ; notabilia (sideheads) and glosses) ; occasional marginal corrections.</subfield></datafield><datafield tag="600" ind1="0" ind2="0"><subfield code="a">Muḥammad,</subfield><subfield code="c">Prophet,</subfield><subfield code="d">-632.</subfield></datafield><datafield tag="650" ind1=" " ind2="0"><subfield code="a">Manuscripts, Arabic</subfield><subfield code="z">Michigan</subfield><subfield code="z">Ann Arbor.</subfield></datafield><datafield tag="650" ind1=" " ind2="0"><subfield code="a">Islam</subfield><subfield code="v">Prayers and devotions</subfield><subfield code="v">Early works to 1800.</subfield></datafield><datafield tag="773" ind1="0" ind2=" "><subfield code="a">Tiflis Collection.</subfield></datafield><datafield tag="880" ind1="3" ind2=" "><subfield code="6">246-04/</subfield><subfield code="a">شفاء الاسقام ومحو الاثام في الصلاة على خير الانام</subfield></datafield><datafield tag="880" ind1="1" ind2="0"><subfield code="6">245-03/</subfield><subfield code="a">قاموس الصلاة,</subfield><subfield code="f">[القرن 17م؟].</subfield></datafield><datafield tag="880" ind1="1" ind2="0"><subfield code="6">240-02/</subfield><subfield code="a">تنبيه الانام في بيان علو مقام نبينا عليه السلام.</subfield><subfield code="k">مختصر</subfield></datafield><datafield tag="880" ind1="1" ind2=" "><subfield code="6">100-01/</subfield><subfield code="a">ابن عظوم، عبد الجليل بن محمد.</subfield></datafield><datafield tag="CID" ind1=" " ind2=" "><subfield code="a">005236768</subfield></datafield><datafield tag="DAT" ind1="0" ind2=" "><subfield code="a">20190719102633.0</subfield><subfield code="b">20190719000000.0</subfield></datafield><datafield tag="DAT" ind1="1" ind2=" "><subfield code="a">20190719090653.0</subfield><subfield code="b">2019-07-19T16:11:04Z</subfield></datafield><datafield tag="DAT" ind1="2" ind2=" "><subfield code="a">2015-10-02T18:00:03Z</subfield></datafield><datafield tag="CAT" ind1=" " ind2=" "><subfield code="a">SDR-MIU</subfield><subfield code="d">EX LIBRIS - ALEPH</subfield><subfield code="l">prepare.pl-004-008</subfield></datafield><datafield tag="FMT" ind1=" " ind2=" "><subfield code="a">BK</subfield></datafield><datafield tag="HOL" ind1=" " ind2=" "><subfield code="0">sdr-miu005236768</subfield><subfield code="a">MiU</subfield><subfield code="b">SDR</subfield><subfield code="c">MIU</subfield><subfield code="p">mdp.39015081446091</subfield><subfield code="s">MIU</subfield><subfield code="1">005236768</subfield></datafield><datafield tag="974" ind1=" " ind2=" "><subfield code="b">MIU</subfield><subfield code="c">MIU</subfield><subfield code="d">20190719</subfield><subfield code="s">lit-dlps-dc</subfield><subfield code="u">mdp.39015081446091</subfield><subfield code="y">1699</subfield><subfield code="r">pd</subfield><subfield code="q">bib</subfield><subfield code="t">non-US bib date1 &lt; 1879</subfield></datafield></record></collection>